% Encoding: UTF-8

@Misc{UniNations,
  author = {{United Nations}},
  editor = {United Nations},
  title  = {Online Volunteering},
  note   = {Acedido a: 09/09/2020},
  url    = {https://www.onlinevolunteering.org/},
}

@Misc{INE2019,
  author = {{Instituto Nacional de Estatística}},
  editor = {Instituto Nacional de Estatística},
  title  = {Inquérito ao Trabalho Voluntário},
  note   = {Acedido a: 09/09/2020},
  url    = {https://www.ine.pt/xportal/xmain?xpid=INE&xpgid=ine_destaques&DESTAQUESdest_boui=379956830&DESTAQUESmodo=2&xlang=pt},
  year   = {2019},
}

@Misc{Republica1998,
  author = {Assembleia da República},
  editor = {Assembleia da República},
  title  = {Decreto Lei nº 71/98 de 3 de Novembro.},
  note   = {Diário da República n.º 254/1998, Série I-A de 1998-11-03. Acedido a 09/09/2020},
  url    = {https://dre.pt/pesquisa/-/search/223016/details/maximized},
}

@Misc{Entrajuda2006,
  author = {Entrajuda},
  editor = {Entrajuda},
  title  = {Bolsa do Voluntariado},
  note   = {Acedido a: 09/09/2020},
  url    = {https://bolsadovoluntariado.pt},
}

@Misc{Williams2017,
  author       = {Jeremy Williams},
  editor       = {Medium.com},
  title        = {What is The MEAN STACK ?},
  note         = {Acedido a: 09/09/2020},
  organization = {Coding Dojo},
  url          = {https://medium.com/@jeremyvsjeremy/what-is-the-mean-stack-9d11ae2cd384},
}

@Misc{TechMagic2020,
  author = {TechMagic},
  editor = {Medium.com},
  title  = {React vs Angular vs Vue.js — What to choose in 2020?},
  note   = {Acedido a: 09/09/2020},
  url    = {https://medium.com/@TechMagic/reactjs-vs-angular5-vs-vue-js-what-to-choose-in-2018-b91e028fa91d},
}

@Misc{Cooke2020,
  author = {Poppy Cooke},
  editor = {Poppy Cooke},
  title  = {{MERN Stack image}},
  note   = {Acedido a: 09/09/2020},
  url    = {https://morioh.com/p/aa75193629a7},
}

@Book{Lauret2019,
  author    = {Arnaud Lauret},
  title     = {The Design of Web APIs},
  publisher = {Manning Publications},
  year      = {2019},
}

@Book{Wilson2018,
  author    = {Jim R. Wilson},
  date      = {2018-01-01},
  title     = {Node.js 8 the Right Way},
  publisher = {Pragmatic Bookshelf},
  year      = {2018},
}

@Misc{AndroidDevelopers2019,
  author = {{Android Developers}},
  editor = {Android Developers},
  date   = {2019-09-12},
  title  = {ViewModel Overview},
  note   = {Acedido a: 09/09/2020},
  url    = {https://developer.android.com/topic/libraries/architecture/viewmodel},
}

@Misc{SCGS2020,
  author = {{StatCounter: Global Stats}},
  editor = {StatCounter: Global Stats},
  title  = {Mobile Operating System Market Share Worldwide},
  note   = {Acedido a: 09/09/2020},
  url    = {https://gs.statcounter.com/os-market-share/mobile/worldwide},
}

@Book{Gargenta2014,
  author    = {Marko Gargenta and Masumi Nakamura},
  title     = {Learning Android: Develop Mobile Apps Using Java and Eclipse},
  publisher = {O’Reilly Media, Inc},
  year      = {2014},
}

@Book{Block2014,
  author    = {Glenn Block and Pablo Cibraro and Pedro Felix and Howard Dierking and Darrel Miller},
  title     = {Designing Evolvable Web APIs with ASP.NET},
  publisher = {O’Reilly Media, Inc.},
  year      = {2014},
}

@Book{Leiva2017,
  author    = {Antonio Leiva},
  title     = {Kotlin for Android Developers},
  publisher = {Lean Publishing},
  year      = {2017},
}

@Misc{Cloudflare2020,
  author = {Cloudflare},
  editor = {Cloudflare},
  date   = {2020-09-09},
  title  = {Why Use HTTPS?},
  note   = {Acedido a: 09/09/2020},
  url    = {https://www.cloudflare.com/learning/ssl/why-use-https/},
}

@Misc{mongoDB2020,
  author = {MongoDB},
  editor = {MongoDB},
  date   = {2020-09-09},
  title  = {What is NoSQL?},
  note   = {Acedido a: 09/09/2020},
  url    = {https://www.mongodb.com/nosql-explained},
}

@Misc{AndroidJetpack2020,
  author = {{Android Jetpack}},
  editor = {Android Jetpack},
  date   = {2020-09-12},
  title  = {Common architectural principles},
  note   = {Acedido a: 09/09/2020},
  url    = {https://developer.android.com/jetpack/guide#common-principles},
}

@Misc{AndroidDevelopers2020,
  author = {{Android Developers}},
  editor = {Android Developers},
  date   = {2020-09-12},
  title  = {Create a List with RecyclerView},
  note   = {Acedido a: 09/09/2020},
  url    = {https://developer.android.com/guide/topics/ui/layout/recyclerview},
}

@Misc{Fielding2000,
  author = {Roy Thomas Fielding},
  editor = {Roy Thomas Fielding},
  date   = {2000},
  title  = {Architectural Styles and the Design of Network-based Software Architectures},
  note   = {Acedido a: 09/09/2020},
  url    = {https://www.ics.uci.edu/~fielding/pubs/dissertation/rest_arch_style.htm},
}

@Book{Stefanov2016,
  author    = {Stoyan Stefanov},
  date      = {2016-07-12},
  title     = {React: Up and Running},
  publisher = {O’Reilly Media, Inc.},
  year      = {2016},
}

@Misc{MDN2019,
  author = {{MDN contributors}},
  editor = {{MDN contributors}},
  date   = {2019-03-18},
  title  = {Cross-Origin Resource Sharing (CORS)},
  note   = {Acedido a: 09/09/2020},
  url    = {https://developer.mozilla.org/pt-PT/docs/Web/HTTP/CORS},
}

@Misc{ReactJS2019,
  author = {ReactJS},
  editor = {ReactJS},
  date   = {2019-09-13},
  title  = {Introducing Hooks},
  note   = {Acedido a: 09/09/2020},
  url    = {https://reactjs.org/docs/hooks-intro.html},
}

@Misc{ReactJS2020,
  author = {ReactJS},
  editor = {ReactJS},
  date   = {2020},
  title  = {React.Component},
  note   = {Acedido a: 09/09/2020},
  url    = {https://reactjs.org/docs/react-component.html},
}

@Misc{IETF2020,
  author = {IETF},
  editor = {IETF},
  date   = {2020-09-18},
  title  = {OAuth 2.0},
  note   = {Acedido a: 09/09/2020},
  url    = {https://oauth.net/2/},
}

@Comment{jabref-meta: databaseType:biblatex;}
